@misc{Delalandre_sketched,
  title = {Sketched Symbols},
  howpublished = {Available from \\ \url{http://mathieu.delalandre.free.fr/projects/sesyd/symbols/sketches.html}},
  note = { \\ Accessed on: 15/11/2012}
}

@misc{Delalandre_contest,
  title = {International Symbol Recognition Contest 2011},
  howpublished = {Available from \\ \url{http://mathieu.delalandre.free.fr/projects/sesyd/symbols/isrc2011.html}},
  note = { \\ Accessed on: 15/11/2012}
}

@misc{markovs,
  title = {Hidden Markov Models},
  howpublished = {Available from \\ \url{http://digital.cs.usu.edu/~cyan/CS7960/hmm-tutorial.pdf}},
  note = { \\ Accessed on: 27/02/2013}
}

@misc{contextWeb,
  title = {Matching with Shape Contexts},
  howpublished = {Available from \\ \url{http://www.eecs.berkeley.edu/Research/Projects/CS/vision/shape/sc_digits.html}},
  note = { \\ Accessed on: 21/03/2013}
}

@misc{medianFiltering,
  title = {Median Filter},
  howpublished = {Available from \\ \url{http://homepages.inf.ed.ac.uk/rbf/HIPR2/median.htm}},
  note = { \\ Accessed on: 01/05/2013}
}

@misc{dilation,
  title = {Morphological Dilation},
  howpublished = {Available from \\ \url{http://homepages.inf.ed.ac.uk/rbf/HIPR2/dilate.htm}},
  note = { \\ Accessed on: 01/05/2013}
}

@misc{thinning,
  title = {Thinning},
  howpublished = {Available from \\ \url{http://homepages.inf.ed.ac.uk/rbf/HIPR2/thin.htm}},
  note = { \\ Accessed on: 01/05/2013}
}

@misc{zscore,
  title = {Lecture Notes on Data Transformation},
  howpublished = {Available from \\ \url{http://www.informatics.indiana.edu/predrag/classes/2005springi400/lecture_notes_4_1.pdf}},
  note = { \\ Accessed on: 01/05/2013}
}

@misc{euclidean_online,
  title = {Euclidean and Euclidean Squared},
  howpublished = {Available from \\ \url{http://www.improvedoutcomes.com/docs/WebSiteDocs/Clustering/Clustering_Parameters/Euclidean_and_Euclidean_Squared_Distance_Metrics.htm}},
  note = { \\ Accessed on: 01/03/2013}
}

@Article{Azzopardi_Petkov_2012,
  author =       {G.Azzopardi and N.Petkov},
  title =        {Trainable COSFIRE Filters for Key point Detection and Pattern Recognition},
  journal =      "IEEE transactions on pattern analysis and machine intelligence",
  year =         {2012},
  volume =    {35},
  number =    {2},
  month =     {},
  pages =     {490-503},
  note =      {},
  annote =    {}
}

@Article{Cordella_2000,
  author =       {L.P Cordella and M.Vento},
  title =        {Symbol recognition in documents: a collection of techniques},
  journal =      "International Journal on Document Analysis and Recognition",
  year =         {2000},
  volume =    {3},
  number =    {2},
  month =     {},
  pages =     {73-88},
  note =      {},
  annote =    {}
}

@Article{Delalandre_2012,
  author =       {E.Valveny and M.Delalandre and R.Raveaux and B.Lamiroy},
  title =        {Report on the Symbol Recognition and Spotting Contest},
  journal =      "Revised Selected Papers of Workshop on Graphics Recognition (GREC), Lecture Notes in Computer Science (LNCS)",
  year =         {2012},
  volume =    {7423},
  number =    {},
  month =     {},
  pages =     {1-11},
  note =      {},
  annote =    {}
}

@Article{Cheng1993,
  author =       {T. Cheng and J.Khan and H.Liu and D.Y.Y Yun},
  title =        {A symbol recognition system},
  journal =      "Document Analysis and Recognition, 1993., Proceedings of the Second International Conference on Document Analysis and Recognition (ICDAR '93)",
  year =         {1993},
  volume =    {},
  number =    {},
  month =     {},
  pages =     {918-921},
  note =      {},
  annote =    {}
}

@Article{Daugman1985,
  author =       {J. Daugman},
  title =        {Uncertainty relation for resolution in space, spatial frequency, and orientation optimized by two-dimensional visual cortical filters},
  journal =      "Journal of the optical Society of America",
  year =         {1985},
  volume =    {2},
  number =    {7},
  month =     {},
  pages =     {1160-1169},
  note =      {},
  annote =    {}
}

@Article{JonesPalmer1987,
  author =       {J. P. Jones and L. A. Palmer},
  title =        {An Evaluation of the Two-Dimensional Gabor Filter Model of Simple Receptive-Fields in Cat Striate Cortex},
  journal =      "Journal of Neurophysiology",
  year =         {1987},
  volume =    {58},
  number =    {6},
  month =     {},
  pages =     {1233-1258},
  note =      {},
  annote =    {}
}


@Article{Daugman1988,
  author =       {J. G. Daugman},
  title =        {Complete discrete 2-D Gabor transforms by neural networks for image analysis and compression.},
  journal =      "IEEE Transactions on Acoustics, Speech, and Signal processing",
  year =         {1988},
  volume =    {36},
  number =    {7},
  month =     {},
  pages =     {1169-1179},
  note =      {},
  annote =    {}
}

@Article{CORF_2012,
  author =       {G.Azzopardi and N.Petkov},
  title =        {A CORF computational model of a simple cell that relies on LGN input outperforms the Gabor function model},
  journal =      "Biological Cybernetics",
  year =         {2012},
  volume =    {106},
  number =    {3},
  month =     {},
  pages =     {177-189},
  note =      {},
  annote =    {}
}

@Article{Zhang_2011,
  author =       {Guo, T., Zhang, H., & Wen, Y.},
  title =        {An Example-Driven Symbol Recognition Approach Based on Key Features in Engineering Drawings},
  journal =      "2011 12th International Conference on Computer-Aided Design and Computer Graphics",
  year =         {2011},
  volume =    {},
  number =    {},
  month =     {},
  pages =     {33-37},
  note =      {},
  annote =    {}
}


@Article{tabone_2012,
  author =       {Boumaiza, A., & Tabbone, S.},
  title =        {Symbol Recognition Using a Galois Lattice of Frequent Graphical Patterns},
  journal =      "2012 10th IAPR International Workshop on Document Analysis Systems",
  year =         {2012},
  volume =    {},
  number =    {},
  month =     {},
  pages =     {165–169},
  note =      {},
  annote =    {}
}

@Article{luqman_2009,
  author =       {Luqman, M. M., Brouard, T., & Ramel, J.-Y.},
  title =        {Graphic Symbol Recognition Using Graph Based Signature and Bayesian Network Classifier},
  journal =      "2009 10th International Conference on Document Analysis and Recognition",
  year =         {2009},
  volume =    {},
  number =    {},
  month =     {},
  pages =     {1325–1329},
  note =      {},
  annote =    {}
}


@inproceedings{Llados,
 author = {Llad\'{o}s, Josep and Valveny, Ernest and S\'{a}nchez, Gemma and Mart\'{\i}, Enric},
 title = {Symbol Recognition: Current Advances and Perspectives},
 booktitle = {Selected Papers from the Fourth International Workshop on Graphics Recognition Algorithms and Applications},
 series = {GREC '01},
 year = {2002},
 isbn = {3-540-44066-6},
 pages = {104--127},
 numpages = {24},
 url = {http://dl.acm.org/citation.cfm?id=645439.652807},
 acmid = {652807},
 publisher = {Springer-Verlag},
 address = {London, UK, UK},
} 


@ONLINE{knn_online,
author = {Thirumuruganathan, Saravanan},
title = {A Detailed Introduction to K-Nearest Neighbor (KNN) Algorithm {@ONLINE}},
month = may,
year = {2010},
url = {http://saravananthirumuruganathan.wordpress.com/2010/05/17/a-detailed-introduction-to-k-nearest-neighbor-knn-algorithm/}
}


@article{Wu_2007,
 author = {Wu, Xindong and Kumar, Vipin and Ross Quinlan, J. and Ghosh, Joydeep and Yang, Qiang and Motoda, Hiroshi and McLachlan, Geoffrey J. and Ng, Angus and Liu, Bing and Yu, Philip S. and Zhou, Zhi-Hua and Steinbach, Michael and Hand, David J. and Steinberg, Dan},
 title = {Top 10 algorithms in data mining},
 journal = {Knowl. Inf. Syst.},
 issue_date = {December 2007},
 volume = {14},
 number = {1},
 month = dec,
 year = {2007},
 issn = {0219-1377},
 pages = {1--37},
 numpages = {37},
 url = {http://dx.doi.org/10.1007/s10115-007-0114-2},
 doi = {10.1007/s10115-007-0114-2},
 acmid = {1327436},
 publisher = {Springer-Verlag New York, Inc.},
 address = {New York, NY, USA},
} 

@inproceedings{Ouyang_2009,
 author = {Ouyang, Tom Y. and Davis, Randall},
 title = {A visual approach to sketched symbol recognition},
 booktitle = {Proceedings of the 21st international jont conference on Artifical intelligence},
 series = {IJCAI'09},
 year = {2009},
 location = {Pasadena, California, USA},
 pages = {1463--1468},
 numpages = {6},
 url = {http://dl.acm.org/citation.cfm?id=1661445.1661680},
 acmid = {1661680},
 publisher = {Morgan Kaufmann Publishers Inc.},
 address = {San Francisco, CA, USA},
} 


@incollection{musings,
year={2006},
isbn={978-3-540-34711-8},
booktitle={Graphics Recognition. Ten Years Review and Future Perspectives},
volume={3926},
series={Lecture Notes in Computer Science},
editor={Liu, Wenyin and Lladós, Josep},
doi={10.1007/11767978_3},
title={Musings on Symbol Recognition},
url={http://dx.doi.org/10.1007/11767978_3},
publisher={Springer Berlin Heidelberg},
author={Tombre, Karl and Tabbone, Salvatore and Dosch, Philippe},
pages={23-34}
}

@incollection{duin2007science,
  title={The science of pattern recognition. Achievements and perspectives},
  author={Duin, Robert PW and Pekalska, El{\.z}bieta},
  booktitle={Challenges for Computational Intelligence},
  pages={221--259},
  year={2007},
  publisher={Springer}
}

@ARTICLE{888707, 
author={Kanungo, Tapas and Haralick, R.M. and Baird, H.S. and Stuezle, W. and Madigan, D.}, 
journal={Pattern Analysis and Machine Intelligence, IEEE Transactions on}, title={A statistical, nonparametric methodology for document degradation model validation}, 
year={2000}, 
volume={22}, 
number={11}, 
pages={1209-1223}, 
keywords={document image processing;optical character recognition;parameter estimation;statistical analysis;document degradation model;model validation;nonparametric statistical test;optical character recognition;parameter estimation;simulation models;statistical models;two-sample permutation test;Algorithm design and analysis;Control system synthesis;Degradation;Electric breakdown;Image quality;Optical character recognition software;Optimal control;Predictive models;System performance;Testing}, 
doi={10.1109/34.888707}, 
ISSN={0162-8828},}

@misc{
    ogierRobustSymbolRecognition,
    author = "Bertet, Karell and Coustaty, Mickael and Ogier, Jean-marc",
    url = "http://citeseerx.ist.psu.edu/viewdoc/download?rep=rep1&type=pdf&doi=10.1.1.146.3789",
    title = "Robust Symbol Recognition using a Structural Approach Mathieu Delalandre CVC (Barcelona, Spain)"
}


@incollection{XML,
year={2002},
isbn={978-3-540-44011-6},
booktitle={Structural, Syntactic, and Statistical Pattern Recognition},
volume={2396},
series={Lecture Notes in Computer Science},
editor={Caelli, Terry and Amin, Adnan and Duin, RobertP.W. and Ridder, Dick and Kamel, Mohamed},
doi={10.1007/3-540-70659-3_29},
title={A Statistical and Structural Approach for Symbol Recognition, Using XML Modelling},
url={http://dx.doi.org/10.1007/3-540-70659-3_29},
publisher={Springer Berlin Heidelberg},
author={Delalandre, Mathieu and Héroux, Pierre and Adam, Sébastien and Trupin, Eric and Ogier, Jean-Marc},
pages={281-290},
language={English}
}


@INPROCEEDINGS{delal2, 
author={Delalandre, M. and Valveny, E. and Llados, J.}, 
booktitle={Document Analysis Systems, 2008. DAS '08. The Eighth IAPR International Workshop on}, title={Performance Evaluation of Symbol Recognition and Spotting Systems: An Overview}, 
year={2008}, 
pages={497-505}, 
keywords={document image processing;image recognition;spotting systems;symbol recognition;synthetic documents generation;Character recognition;Degradation;Graphics;Image recognition;Information retrieval;Pattern recognition;Performance analysis;System performance;System testing;Text analysis}, 
doi={10.1109/DAS.2008.63},}

@inproceedings{yoon2001new,
  title={New paradigm for segmentation and recognition},
  author={Yoon, Sungsoo and Kim, Gyeonghwan and Choi, Y and Lee, Y},
  booktitle={Workshop on Graphics Recognition (GREC)},
  pages={216--225},
  year={2001}
}

@INPROCEEDINGS{decisiontrees, 
author={Shi Zesheng and Yang Jing and Jiang Chunhong and Wu Yonggui}, 
booktitle={Industrial Technology, 1994., Proceedings of the IEEE International Conference on}, title={Symbol recognition in electronic diagrams using decision tree}, 
year={1994}, 
pages={719-723}, 
keywords={circuit CAD;circuit diagrams;decision theory;feature extraction;microcomputer applications;nomenclature;pattern recognition;trees (mathematics);4-sideband projection;automatic input system;decision tree;electronic circuit diagrams;electronic element symbol recognition;feature extraction method;microcomputer implementation;rectangular raster;Artificial intelligence;Computer errors;Decision trees;Electronic circuits;Feature extraction;Humans;Image processing;Microcomputers;Paper technology;Pattern recognition}, 
doi={10.1109/ICIT.1994.467046},}


@INPROCEEDINGS{ANNS, 
author={Feng Yang and Fan Yang}, 
booktitle={Audio, Language and Image Processing, 2008. ICALIP 2008. International Conference on}, title={Character recognition using parallel BP neural network}, 
year={2008}, 
pages={1595-1599}, 
keywords={backpropagation;character recognition;feature extraction;neural nets;Chinese license plate;automated license plate recognition system;character recognition;parallel BP neural network;Arithmetic;Biomedical engineering;Character recognition;Computer vision;Entropy;Feature extraction;Image recognition;Licenses;Neural networks;Skeleton}, 
doi={10.1109/ICALIP.2008.4590169},}

@INPROCEEDINGS{zernike,
    author = {Heloise Hse and A. Richard Newton},
    title = {Sketched symbol recognition using zernike moments},
    booktitle = {International Conference on Pattern Recognition},
    year = {2004},
    pages = {367--370}
}

@INPROCEEDINGS{struct, 
author={Valveny, E. and Marti, E.}, 
booktitle={Document Analysis and Recognition, 2001. Proceedings. Sixth International Conference on}, title={Learning of structural descriptions of graphic symbols using deformable template matching}, 
year={2001}, 
pages={455-459}, 
keywords={feature extraction;image matching;learning by example;probability;deformable template matching;features extraction;graphic documents;graphic symbols;learning from examples;line parameters;probabilistic model;shape variability;structural descriptions learning;symbol recognition;Computer graphics;Computer science;Computer vision;Cost function;Feature extraction;Multi-stage noise shaping;Pattern matching;Pattern recognition;Shape;Uncertainty}, 
doi={10.1109/ICDAR.2001.953831},}

@article{Groen,
 author = {Groen, Frans C. A and Sanderson, Arthur C and Schlag, John F},
 title = {Symbol recognition in electrical diagrams using probabilistic graph matching},
 journal = {Pattern Recogn. Lett.},
 issue_date = {September, 1985},
 volume = {3},
 number = {5},
 month = sep,
 year = {1985},
 issn = {0167-8655},
 pages = {343--350},
 numpages = {8},
 url = {http://dx.doi.org/10.1016/0167-8655(85)90066-2},
 doi = {10.1016/0167-8655(85)90066-2},
 acmid = {2305948},
 publisher = {Elsevier Science Inc.},
 address = {New York, NY, USA},
 keywords = {Probabilistic graph matching, symbol recognition},
} 

@book{hamada,
  title={Structural recognition of disturbed symbols using discrete relaxation},
  author={Hamada, A.H.},
  series={Rapport: Centre de Recherche en Informatique},
  url={http://books.google.com.mt/books?id=1tkaPwAACAAJ},
  year={1991},
  publisher={Centre de Recherche en Informatique}
}

@incollection{mediangraph,
year={2000},
isbn={978-3-540-41222-9},
booktitle={Graphics Recognition Recent Advances},
volume={1941},
series={Lecture Notes in Computer Science},
editor={Chhabra, AtulK. and Dori, Dov},
doi={10.1007/3-540-40953-X_15},
title={Synthesis of Representative Graphical Symbols by Computing Generalized Median Graph},
url={http://dx.doi.org/10.1007/3-540-40953-X_15},
publisher={Springer Berlin Heidelberg},
author={Jiang, Xiaoyi and Münger, Andreas and Bunke, Horst},
pages={183-192},
language={English}
}

@article{combi,
author = {KUNER, PETER and UEBERREITER, BIRGIT},
title = {PATTERN RECOGNITION BY GRAPH MATCHING—COMBINATORIAL VERSUS CONTINUOUS OPTIMIZATION},
journal = {International Journal of Pattern Recognition and Artificial Intelligence},
volume = {02},
number = {03},
pages = {527-542},
year = {1988},
doi = {10.1142/S0218001488000303},

URL = {http://www.worldscientific.com/doi/abs/10.1142/S0218001488000303},
eprint = {http://www.worldscientific.com/doi/pdf/10.1142/S0218001488000303}
}

@incollection{graphmatch,
year={1992},
isbn={978-3-642-77283-2},
booktitle={Structured Document Image Analysis},
editor={Baird, HenryS. and Bunke, Horst and Yamamoto, Kazuhiko},
doi={10.1007/978-3-642-77281-8_16},
title={Recognizing Hand-Drawn Electrical Circuit Symbols with Attributed Graph Matching},
url={http://dx.doi.org/10.1007/978-3-642-77281-8_16},
publisher={Springer Berlin Heidelberg},
author={Lee, Seong-Whan},
pages={340-358},
language={English}
}

@incollection{engdrawings,
year={1996},
isbn={978-3-540-61226-1},
booktitle={Graphics Recognition Methods and Applications},
volume={1072},
series={Lecture Notes in Computer Science},
editor={Kasturi, Rangachar and Tombre, Karl},
doi={10.1007/3-540-61226-2_11},
title={Automatic learning and recognition of graphical symbols in engineering drawings},
url={http://dx.doi.org/10.1007/3-540-61226-2_11},
publisher={Springer Berlin Heidelberg},
author={Messmer, B.T. and Bunke, H.},
pages={123-134}
}

@book{1997combining,
  title={Combining Graph Matching and Hough Transform for Hand-drawn Graphical Document Analysis: Application to Architectural Drawings},
  author={Llad{\'o}s, J.},
  url={http://books.google.com.mt/books?id=QqqDMwEACAAJ},
  year={1997}
}


@MISC{Maji_comparison,
    author = {Subhransu Maji},
    title = {A Comparison of Feature Descriptors},
    year = {}
}

@inproceedings{Heider,
 author = {Heider, Paul and Pierre-Pierre, Alain and Li, Ruosi and Grimm, Cindy},
 title = {Local shape descriptors, a survey and evaluation},
 booktitle = {Proceedings of the 4th Eurographics conference on 3D Object Retrieval},
 series = {EG 3DOR'11},
 year = {2011},
 isbn = {978-3-905674-31-6},
 location = {Llandudno, UK},
 pages = {49--56},
 numpages = {8},
 url = {http://dx.doi.org/10.2312/3DOR/3DOR11/049-056},
 doi = {10.2312/3DOR/3DOR11/049-056},
 acmid = {2381180},
 publisher = {Eurographics Association},
 address = {Aire-la-Ville, Switzerland, Switzerland},
} 

@INPROCEEDINGS{context, 
author={Belongie, S. and Malik, J.}, 
booktitle={Content-based Access of Image and Video Libraries, 2000. Proceedings. IEEE Workshop on}, title={Matching with shape contexts}, 
year={2000}, 
pages={20-26}, 
keywords={content-based retrieval;edge detection;image matching;object recognition;visual databases;bipartite graph matching;content based retrieval;edge detection;image transformations;object recognition;recovering point correspondence;shape boundary;shape context matching;shape descriptor;shape similarity;silhouettes;similarity-based retrieval;vector-valued attribute;Image matching}, 
doi={10.1109/IVL.2000.853834},}

@article{wang,
 author = {Wang, Junwei and Bai, Xiang and You, Xinge and Liu, Wenyu and Latecki, Longin Jan},
 title = {Shape matching and classification using height functions},
 journal = {Pattern Recogn. Lett.},
 issue_date = {January, 2012},
 volume = {33},
 number = {2},
 month = jan,
 year = {2012},
 pages = {134-143},
}

@article{Alajlan,
title = "Shape retrieval using triangle-area representation and dynamic space warping ",
journal = "Pattern Recognition ",
volume = "40",
number = "7",
pages = "1911 - 1920",
year = "2007",
author = "Naif Alajlan and Ibrahim El Rube and Mohamed S. Kamel and George Freeman",
keywords = "Shape matching",
keywords = "Shape retrieval",
keywords = "Dynamic space warping",
keywords = "Dynamic programming "
}



@article{descriptor1,
 author = {Grigorescu, C. and Petkov, N.},
 title = {Distance sets for shape filters and shape recognition},
 journal = {Trans. Img. Proc.},
 issue_date = {October 2003},
 volume = {12},
 number = {10},
 month = oct,
 year = {2003},
 issn = {1057-7149},
 pages = {1274--1286},
 numpages = {13},
 url = {http://dx.doi.org/10.1109/TIP.2003.816010},
 doi = {10.1109/TIP.2003.816010},
 acmid = {2320465},
 publisher = {IEEE Press},
 address = {Piscataway, NJ, USA},
} 

@article{descriptor2,
 author = {Xie, Jun and Heng, Pheng-Ann and Shah, Mubarak},
 title = {Shape matching and modeling using skeletal context},
 journal = {Pattern Recogn.},
 issue_date = {May, 2008},
 volume = {41},
 number = {5},
 month = may,
 year = {2008},
 issn = {0031-3203},
 pages = {1756--1767},
 numpages = {12},
 url = {http://dx.doi.org/10.1016/j.patcog.2007.11.005},
 doi = {10.1016/j.patcog.2007.11.005},
 acmid = {1343160},
 publisher = {Elsevier Science Inc.},
 address = {New York, NY, USA},
 keywords = {Optimal matching, Saliency structure, Shape matching, Shape modeling, Shape skeleton},
} 


@article{descriptor3,
 author = {Ling, Haibin and Jacobs, David W.},
 title = {Shape Classification Using the Inner-Distance},
 journal = {IEEE Trans. Pattern Anal. Mach. Intell.},
 issue_date = {February 2007},
 volume = {29},
 number = {2},
 month = feb,
 year = {2007},
 issn = {0162-8828},
 pages = {286--299},
 numpages = {14},
 url = {http://dx.doi.org/10.1109/TPAMI.2007.41},
 doi = {10.1109/TPAMI.2007.41},
 acmid = {1191806},
 publisher = {IEEE Computer Society},
 address = {Washington, DC, USA},
 keywords = {Computer vision, Computer vision, invariants, object recognition, shape, shape distance, texture, articulation., articulation., invariants, object recognition, shape, shape distance, texture},
} 

@INPROCEEDINGS{descriptor4,
    author = {Farzin Mokhtarian and Sadegh Abbasi and Josef Kittler},
    title = {Efficient and Robust Retrieval by Shape Content through Curvature Scale Space},
    booktitle = {},
    year = {1996},
    pages = {35--42}
}


@article{descriptor5,
title = "Shape retrieval using triangle-area representation and dynamic space warping ",
journal = "Pattern Recognition ",
volume = "40",
number = "7",
pages = "1911 - 1920",
year = "2007",
note = "",
issn = "0031-3203",
doi = "10.1016/j.patcog.2006.12.005",
url = "http://www.sciencedirect.com/science/article/pii/S0031320306005188",
author = "Naif Alajlan and Ibrahim El Rube and Mohamed S. Kamel and George Freeman",
keywords = "Shape matching",
keywords = "Shape retrieval",
keywords = "Dynamic space warping",
keywords = "Dynamic programming "
}


@inproceedings{Nayef,
 author = {Nayef, Nibal and Breuel, Thomas M.},
 title = {On the use of geometric matching for both: isolated symbol recognition and symbol spotting},
 booktitle = {Proceedings of the 9th international conference on Graphics Recognition: new trends and challenges},
 series = {GREC'11},
 year = {2013},
 isbn = {978-3-642-36823-3},
 location = {Seoul, Korea},
 pages = {36--48},
 numpages = {13},
 url = {http://dx.doi.org/10.1007/978-3-642-36824-0_4},
 doi = {10.1007/978-3-642-36824-0_4},
 acmid = {2449515},
 publisher = {Springer-Verlag},
 address = {Berlin, Heidelberg},
 keywords = {geometric matching, symbol recognition, symbol spotting},
} 